@article{weaver2007,
	Author = {Weaver, James C and Aizenberg, Joanna and Fantner, Georg E and Kisailus, David and Woesz, Alexander and Allen, Peter and Fields, Kirk and Porter, Michael J and Zok, Frank W and Hansma, Paul K and others},
	Journal = {Journal of structural biology},
	Number = {1},
	Pages = {93--106},
	Publisher = {Elsevier},
	Title = {Hierarchical assembly of the siliceous skeletal lattice of the hexactinellid sponge Euplectella aspergillum},
	Volume = {158},
	Year = {2007}}

@article{weaver2010,
	Author = {Weaver, James C and Milliron, Garrett W and Allen, Peter and Miserez, Ali and Rawal, Aditya and Garay, Javier and Thurner, Philipp J and Seto, Jong and Mayzel, Boaz and Friesen, Larry Jon and others},
	Journal = {The Journal of Adhesion},
	Number = {1},
	Pages = {72--95},
	Publisher = {Taylor \& Francis},
	Title = {Unifying design strategies in demosponge and hexactinellid skeletal systems},
	Volume = {86},
	Year = {2010}}

@article{aizenberg2005,
	Author = {Aizenberg, Joanna and Weaver, James C and Thanawala, Monica S and Sundar, Vikram C and Morse, Daniel E and Fratzl, Peter},
	Journal = {Science},
	Number = {5732},
	Pages = {275--278},
	Publisher = {American Association for the Advancement of Science},
	Title = {Skeleton of Euplectella sp.: structural hierarchy from the nanoscale to the macroscale},
	Volume = {309},
	Year = {2005}}

@article{miserez2008,
	Author = {Miserez, Ali and Weaver, James C and Thurner, Philipp J and Aizenberg, Joanna and Dauphin, Yannicke and Fratzl, Peter and Morse, Daniel E and Zok, Frank W},
	Journal = {Advanced Functional Materials},
	Number = {8},
	Pages = {1241--1248},
	Publisher = {Wiley Online Library},
	Title = {Effects of laminate architecture on fracture resistance of sponge biosilica: lessons from nature},
	Volume = {18},
	Year = {2008}}

@article{deshpande2001,
	Author = {Deshpande, VS and Ashby, MF and Fleck, NA},
	Journal = {Acta Materialia},
	Number = {6},
	Pages = {1035--1040},
	Publisher = {Elsevier},
	Title = {Foam topology: bending versus stretching dominated architectures},
	Volume = {49},
	Year = {2001}}

@book{waddell1916,
	Author = {Waddell, John Alexander Low},
	Pages = {19-21},
	Publisher = {J. Wiley},
	Title = {Bridge engineering},
	Volume = {1},
	Year = {1916}}

@book{gibson1999,
	Author = {Gibson, Lorna J and Ashby, Michael F},
	Publisher = {Cambridge university press},
	Title = {Cellular solids: structure and properties},
	Year = {1999}}

@article{hansen2003,
	Author = {N. Hansen and S. D. M{\"u}ller and P. Koumoutsakos},
	Doi = {10.1162/106365603321828970},
	Issn = {1063-6560},
	Journal = {Evolutionary Computation},
	Keywords = {Evolution strategy;covariance matrix adaptation;derandomized self-adaptation;evolution path;parallelization},
	Month = {March},
	Number = {1},
	Pages = {1-18},
	Title = {Reducing the Time Complexity of the Derandomized Evolution Strategy with Covariance Matrix Adaptation (CMA-ES)},
	Volume = {11},
	Year = {2003},
	Bdsk-Url-1 = {https://doi.org/10.1162/106365603321828970}}

@article{danielson2002,
	Adsnote = {Provided by the SAO/NASA Astrophysics Data System},
	Adsurl = {http://adsabs.harvard.edu/abs/2002JMPSo..50..351D},
	Author = {{Danielsson}, M. and {Parks}, D.~M. and {Boyce}, M.~C.},
	Doi = {10.1016/S0022-5096(01)00060-6},
	Journal = {Journal of Mechanics Physics of Solids},
	Month = feb,
	Pages = {351-379},
	Title = {{Three-dimensional micromechanical modeling of voided polymeric materials}},
	Volume = 50,
	Year = 2002,
	Bdsk-Url-1 = {https://doi.org/10.1016/S0022-5096(01)00060-6}}

@article{bertoldi2008,
	Author = {Bertoldi, K. and Boyce, M. C.},
	Doi = {10.1103/PhysRevB.77.052105},
	Issue = {5},
	Journal = {Phys. Rev. B},
	Month = {Feb},
	Numpages = {4},
	Pages = {052105},
	Publisher = {American Physical Society},
	Title = {Mechanically triggered transformations of phononic band gaps in periodic elastomeric structures},
	Url = {https://link.aps.org/doi/10.1103/PhysRevB.77.052105},
	Volume = {77},
	Year = {2008},
	Bdsk-Url-1 = {https://link.aps.org/doi/10.1103/PhysRevB.77.052105},
	Bdsk-Url-2 = {https://doi.org/10.1103/PhysRevB.77.052105}}

@article{danielsson2002,
	Adsnote = {Provided by the SAO/NASA Astrophysics Data System},
	Adsurl = {http://adsabs.harvard.edu/abs/2002JMPSo..50..351D},
	Author = {{Danielsson}, M. and {Parks}, D.~M. and {Boyce}, M.~C.},
	Doi = {10.1016/S0022-5096(01)00060-6},
	Journal = {Journal of Mechanics Physics of Solids},
	Month = feb,
	Pages = {351-379},
	Title = {{Three-dimensional micromechanical modeling of voided polymeric materials}},
	Volume = 50,
	Year = 2002,
	Bdsk-Url-1 = {https://doi.org/10.1016/S0022-5096(01)00060-6}}

@article{monn2015,
	Author = {Monn, Michael A. and Weaver, James C. and Zhang, Tianyang and Aizenberg, Joanna and Kesari, Haneesh},
	Doi = {10.1073/pnas.1415502112},
	Eprint = {http://www.pnas.org/content/112/16/4976.full.pdf},
	Issn = {0027-8424},
	Journal = {Proceedings of the National Academy of Sciences},
	Number = {16},
	Pages = {4976--4981},
	Publisher = {National Academy of Sciences},
	Title = {New functional insights into the internal architecture of the laminated anchor spicules of Euplectella aspergillum},
	Url = {http://www.pnas.org/content/112/16/4976},
	Volume = {112},
	Year = {2015},
	Bdsk-Url-1 = {http://www.pnas.org/content/112/16/4976},
	Bdsk-Url-2 = {https://doi.org/10.1073/pnas.1415502112}}

@article{monn2017,
	Author = {Monn, Michael A and Kesari, Haneesh},
	Journal = {Scientific reports},
	Pages = {39547},
	Publisher = {Nature Publishing Group},
	Title = {A new structure-property connection in the skeletal elements of the marine sponge Tethya aurantia that guards against buckling instability},
	Volume = {7},
	Year = {2017}}

@article{monn2017-2,
	Author = {Monn, Michael A and Ferreira, Jarod and Yang, Jianzhe and Kesari, Haneesh},
	Journal = {JoVE (Journal of Visualized Experiments)},
	Number = {128},
	Pages = {e56571--e56571},
	Title = {A Millimeter Scale Flexural Testing System for Measuring the Mechanical Properties of Marine Sponge Spicules},
	Year = {2017}}

@article{zheng2014,
	Author = {Zheng, Xiaoyu and Lee, Howon and Weisgraber, Todd H. and Shusteff, Maxim and DeOtte, Joshua and Duoss, Eric B. and Kuntz, Joshua D. and Biener, Monika M. and Ge, Qi and Jackson, Julie A. and Kucheyev, Sergei O. and Fang, Nicholas X. and Spadaccini, Christopher M.},
	Doi = {10.1126/science.1252291},
	Eprint = {http://science.sciencemag.org/content/344/6190/1373.full.pdf},
	Issn = {0036-8075},
	Journal = {Science},
	Number = {6190},
	Pages = {1373--1377},
	Publisher = {American Association for the Advancement of Science},
	Title = {Ultralight, ultrastiff mechanical metamaterials},
	Url = {http://science.sciencemag.org/content/344/6190/1373},
	Volume = {344},
	Year = {2014},
	Bdsk-Url-1 = {http://science.sciencemag.org/content/344/6190/1373},
	Bdsk-Url-2 = {https://doi.org/10.1126/science.1252291}}

@article{messner2016,
	Author = {Mark C. Messner},
	Doi = {https://doi.org/10.1016/j.jmps.2016.07.010},
	Issn = {0022-5096},
	Journal = {Journal of the Mechanics and Physics of Solids},
	Keywords = {Lattice materials, Microstructures, Optimization},
	Pages = {162 - 183},
	Title = {Optimal lattice-structured materials},
	Url = {http://www.sciencedirect.com/science/article/pii/S0022509616301326},
	Volume = {96},
	Year = {2016},
	Bdsk-Url-1 = {http://www.sciencedirect.com/science/article/pii/S0022509616301326},
	Bdsk-Url-2 = {https://doi.org/10.1016/j.jmps.2016.07.010}}

@article{schaedler2011,
	Author = {Schaedler, T. A. and Jacobsen, A. J. and Torrents, A. and Sorensen, A. E. and Lian, J. and Greer, J. R. and Valdevit, L. and Carter, W. B.},
	Doi = {10.1126/science.1211649},
	Eprint = {http://science.sciencemag.org/content/334/6058/962.full.pdf},
	Journal = {Science},
	Number = {6058},
	Pages = {962--965},
	Publisher = {American Association for the Advancement of Science},
	Title = {Ultralight Metallic Microlattices},
	Url = {http://science.sciencemag.org/content/334/6058/962},
	Volume = {334},
	Year = {2011},
	Bdsk-Url-1 = {http://science.sciencemag.org/content/334/6058/962},
	Bdsk-Url-2 = {https://doi.org/10.1126/science.1211649}}

@article{evans2001,
	Author = {A.G. Evans and J.W. Hutchinson and N.A. Fleck and M.F. Ashby and H.N.G. Wadley},
	Doi = {https://doi.org/10.1016/S0079-6425(00)00016-5},
	Issn = {0079-6425},
	Journal = {Progress in Materials Science},
	Number = {3},
	Pages = {309 - 327},
	Title = {The topological design of multifunctional cellular metals},
	Url = {http://www.sciencedirect.com/science/article/pii/S0079642500000165},
	Volume = {46},
	Year = {2001},
	Bdsk-Url-1 = {http://www.sciencedirect.com/science/article/pii/S0079642500000165},
	Bdsk-Url-2 = {https://doi.org/10.1016/S0079-6425(00)00016-5}}

@article{phani2006,
	Author = {Phani, A Srikantha and Woodhouse, J and Fleck, NA},
	Journal = {The Journal of the Acoustical Society of America},
	Number = {4},
	Pages = {1995--2005},
	Publisher = {ASA},
	Title = {Wave propagation in two-dimensional periodic lattices},
	Volume = {119},
	Year = {2006}}

@article{ashby2006,
	Author = {Ashby, M.F},
	Doi = {10.1098/rsta.2005.1678},
	Eprint = {http://rsta.royalsocietypublishing.org/content/364/1838/15.full.pdf},
	Issn = {1364-503X},
	Journal = {Philosophical Transactions of the Royal Society of London A: Mathematical, Physical and Engineering Sciences},
	Number = {1838},
	Pages = {15--30},
	Publisher = {The Royal Society},
	Title = {The properties of foams and lattices},
	Url = {http://rsta.royalsocietypublishing.org/content/364/1838/15},
	Volume = {364},
	Year = {2006},
	Bdsk-Url-1 = {http://rsta.royalsocietypublishing.org/content/364/1838/15},
	Bdsk-Url-2 = {https://doi.org/10.1098/rsta.2005.1678}}

@article{lu1998,
	Author = {Lu, TJ and Stone, HA and Ashby, MF},
	Journal = {Acta materialia},
	Number = {10},
	Pages = {3619--3635},
	Publisher = {Elsevier},
	Title = {Heat transfer in open-cell metal foams},
	Volume = {46},
	Year = {1998}}

@misc{ashby1997,
	Author = {Ashby, MF and Seymour, CJ and Cebon, D},
	Publisher = {Granta Design},
	Title = {Metal Foams and Honeycombs Database},
	Year = {1997}}

@article{evans1998,
	Author = {Evans, Anthony Glyn and Hutchinson, JW and Ashby, MF},
	Journal = {Progress in materials science},
	Number = {3},
	Pages = {171--221},
	Publisher = {Elsevier},
	Title = {Multifunctionality of cellular metal systems},
	Volume = {43},
	Year = {1998}}

@article{shulze1887,
	Author = {Shulze, FE},
	Journal = {HMS Challenger Sci Results Zool},
	Pages = {1--513},
	Title = {Report on the Hexactinellida collected by HMS" Challenger" during the years 1873--1876},
	Volume = {21},
	Year = {1887}}
