
@Article{	  aizenberg2005,
  author	= {Aizenberg, Joanna and Weaver, James C and Thanawala,
		  Monica S and Sundar, Vikram C and Morse, Daniel E and
		  Fratzl, Peter},
  journal	= {Science},
  number	= {5732},
  pages		= {275--278},
  publisher	= {American Association for the Advancement of Science},
  title		= {Skeleton of Euplectella sp.: structural hierarchy from the
		  nanoscale to the macroscale},
  volume	= {309},
  year		= {2005}
}

@Misc{		  ashby1997,
  author	= {Ashby, MF and Seymour, CJ and Cebon, D},
  publisher	= {Granta Design},
  title		= {Metal Foams and Honeycombs Database},
  year		= {1997}
}

@Article{	  ashby2006,
  author	= {Ashby, M.F},
  doi		= {10.1098/rsta.2005.1678},
  eprint	= {http://rsta.royalsocietypublishing.org/content/364/1838/15.full.pdf},
  issn		= {1364-503X},
  journal	= {Philosophical Transactions of the Royal Society of London
		  A: Mathematical, Physical and Engineering Sciences},
  number	= {1838},
  pages		= {15--30},
  publisher	= {The Royal Society},
  title		= {The properties of foams and lattices},
  url		= {http://rsta.royalsocietypublishing.org/content/364/1838/15},
  volume	= {364},
  year		= {2006},
  bdsk-url-1	= {http://rsta.royalsocietypublishing.org/content/364/1838/15},
  bdsk-url-2	= {https://doi.org/10.1098/rsta.2005.1678}
}

@Article{	  bertoldi2008,
  author	= {Bertoldi, K. and Boyce, M. C.},
  doi		= {10.1103/PhysRevB.77.052105},
  issue		= {5},
  journal	= {Phys. Rev. B},
  month		= {Feb},
  numpages	= {4},
  pages		= {052105},
  publisher	= {American Physical Society},
  title		= {Mechanically triggered transformations of phononic band
		  gaps in periodic elastomeric structures},
  url		= {https://link.aps.org/doi/10.1103/PhysRevB.77.052105},
  volume	= {77},
  year		= {2008},
  bdsk-url-1	= {https://link.aps.org/doi/10.1103/PhysRevB.77.052105},
  bdsk-url-2	= {https://doi.org/10.1103/PhysRevB.77.052105}
}

@Article{	  danielson2002,
  adsnote	= {Provided by the SAO/NASA Astrophysics Data System},
  adsurl	= {http://adsabs.harvard.edu/abs/2002JMPSo..50..351D},
  author	= {{Danielsson}, M. and {Parks}, D.~M. and {Boyce}, M.~C.},
  doi		= {10.1016/S0022-5096(01)00060-6},
  journal	= {Journal of Mechanics Physics of Solids},
  month		= feb,
  pages		= {351-379},
  title		= {{Three-dimensional micromechanical modeling of voided
		  polymeric materials}},
  volume	= 50,
  year		= 2002,
  bdsk-url-1	= {https://doi.org/10.1016/S0022-5096(01)00060-6}
}

@Article{	  danielsson2002,
  adsnote	= {Provided by the SAO/NASA Astrophysics Data System},
  adsurl	= {http://adsabs.harvard.edu/abs/2002JMPSo..50..351D},
  author	= {{Danielsson}, M. and {Parks}, D.~M. and {Boyce}, M.~C.},
  doi		= {10.1016/S0022-5096(01)00060-6},
  journal	= {Journal of Mechanics Physics of Solids},
  month		= feb,
  pages		= {351-379},
  title		= {{Three-dimensional micromechanical modeling of voided
		  polymeric materials}},
  volume	= 50,
  year		= 2002,
  bdsk-url-1	= {https://doi.org/10.1016/S0022-5096(01)00060-6}
}

@Article{	  deshpande2001,
  author	= {Deshpande, VS and Ashby, MF and Fleck, NA},
  journal	= {Acta Materialia},
  number	= {6},
  pages		= {1035--1040},
  publisher	= {Elsevier},
  title		= {Foam topology: bending versus stretching dominated
		  architectures},
  volume	= {49},
  year		= {2001}
}

@Article{	  evans1998,
  author	= {Evans, Anthony Glyn and Hutchinson, JW and Ashby, MF},
  journal	= {Progress in materials science},
  number	= {3},
  pages		= {171--221},
  publisher	= {Elsevier},
  title		= {Multifunctionality of cellular metal systems},
  volume	= {43},
  year		= {1998}
}

@Article{	  evans2001,
  author	= {A.G. Evans and J.W. Hutchinson and N.A. Fleck and M.F.
		  Ashby and H.N.G. Wadley},
  doi		= {https://doi.org/10.1016/S0079-6425(00)00016-5},
  issn		= {0079-6425},
  journal	= {Progress in Materials Science},
  number	= {3},
  pages		= {309 - 327},
  title		= {The topological design of multifunctional cellular
		  metals},
  url		= {http://www.sciencedirect.com/science/article/pii/S0079642500000165},
  volume	= {46},
  year		= {2001},
  bdsk-url-1	= {http://www.sciencedirect.com/science/article/pii/S0079642500000165},
  bdsk-url-2	= {https://doi.org/10.1016/S0079-6425(00)00016-5}
}

@Book{		  gibson1999,
  author	= {Gibson, Lorna J and Ashby, Michael F},
  publisher	= {Cambridge university press},
  title		= {Cellular solids: structure and properties},
  year		= {1999}
}

@Article{	  hansen2003,
  author	= {N. Hansen and S. D. M{\"u}ller and P. Koumoutsakos},
  doi		= {10.1162/106365603321828970},
  issn		= {1063-6560},
  journal	= {Evolutionary Computation},
  keywords	= {Evolution strategy;covariance matrix
		  adaptation;derandomized self-adaptation;evolution
		  path;parallelization},
  month		= {March},
  number	= {1},
  pages		= {1-18},
  title		= {Reducing the Time Complexity of the Derandomized Evolution
		  Strategy with Covariance Matrix Adaptation (CMA-ES)},
  volume	= {11},
  year		= {2003},
  bdsk-url-1	= {https://doi.org/10.1162/106365603321828970}
}

@Article{	  lu1998,
  author	= {Lu, TJ and Stone, HA and Ashby, MF},
  journal	= {Acta materialia},
  number	= {10},
  pages		= {3619--3635},
  publisher	= {Elsevier},
  title		= {Heat transfer in open-cell metal foams},
  volume	= {46},
  year		= {1998}
}

@Article{	  messner2016,
  author	= {Mark C. Messner},
  doi		= {https://doi.org/10.1016/j.jmps.2016.07.010},
  issn		= {0022-5096},
  journal	= {Journal of the Mechanics and Physics of Solids},
  keywords	= {Lattice materials, Microstructures, Optimization},
  pages		= {162 - 183},
  title		= {Optimal lattice-structured materials},
  url		= {http://www.sciencedirect.com/science/article/pii/S0022509616301326},
  volume	= {96},
  year		= {2016},
  bdsk-url-1	= {http://www.sciencedirect.com/science/article/pii/S0022509616301326},
  bdsk-url-2	= {https://doi.org/10.1016/j.jmps.2016.07.010}
}

@Article{	  miserez2008,
  author	= {Miserez, Ali and Weaver, James C and Thurner, Philipp J
		  and Aizenberg, Joanna and Dauphin, Yannicke and Fratzl,
		  Peter and Morse, Daniel E and Zok, Frank W},
  journal	= {Advanced Functional Materials},
  number	= {8},
  pages		= {1241--1248},
  publisher	= {Wiley Online Library},
  title		= {Effects of laminate architecture on fracture resistance of
		  sponge biosilica: lessons from nature},
  volume	= {18},
  year		= {2008}
}

@Article{	  monn2015,
  author	= {Monn, Michael A. and Weaver, James C. and Zhang, Tianyang
		  and Aizenberg, Joanna and Kesari, Haneesh},
  doi		= {10.1073/pnas.1415502112},
  eprint	= {http://www.pnas.org/content/112/16/4976.full.pdf},
  issn		= {0027-8424},
  journal	= {Proceedings of the National Academy of Sciences},
  number	= {16},
  pages		= {4976--4981},
  publisher	= {National Academy of Sciences},
  title		= {New functional insights into the internal architecture of
		  the laminated anchor spicules of Euplectella aspergillum},
  url		= {http://www.pnas.org/content/112/16/4976},
  volume	= {112},
  year		= {2015},
  bdsk-url-1	= {http://www.pnas.org/content/112/16/4976},
  bdsk-url-2	= {https://doi.org/10.1073/pnas.1415502112}
}

@Article{	  monn2017,
  author	= {Monn, Michael A and Kesari, Haneesh},
  journal	= {Scientific reports},
  pages		= {39547},
  publisher	= {Nature Publishing Group},
  title		= {A new structure-property connection in the skeletal
		  elements of the marine sponge Tethya aurantia that guards
		  against buckling instability},
  volume	= {7},
  year		= {2017}
}

@Article{	  monn2017-2,
  author	= {Monn, Michael A and Ferreira, Jarod and Yang, Jianzhe and
		  Kesari, Haneesh},
  journal	= {JoVE (Journal of Visualized Experiments)},
  number	= {128},
  pages		= {e56571--e56571},
  title		= {A Millimeter Scale Flexural Testing System for Measuring
		  the Mechanical Properties of Marine Sponge Spicules},
  year		= {2017}
}

@Article{	  phani2006,
  author	= {Phani, A Srikantha and Woodhouse, J and Fleck, NA},
  journal	= {The Journal of the Acoustical Society of America},
  number	= {4},
  pages		= {1995--2005},
  publisher	= {ASA},
  title		= {Wave propagation in two-dimensional periodic lattices},
  volume	= {119},
  year		= {2006}
}

@Article{	  schaedler2011,
  author	= {Schaedler, T. A. and Jacobsen, A. J. and Torrents, A. and
		  Sorensen, A. E. and Lian, J. and Greer, J. R. and Valdevit,
		  L. and Carter, W. B.},
  doi		= {10.1126/science.1211649},
  eprint	= {http://science.sciencemag.org/content/334/6058/962.full.pdf},
  journal	= {Science},
  number	= {6058},
  pages		= {962--965},
  publisher	= {American Association for the Advancement of Science},
  title		= {Ultralight Metallic Microlattices},
  url		= {http://science.sciencemag.org/content/334/6058/962},
  volume	= {334},
  year		= {2011},
  bdsk-url-1	= {http://science.sciencemag.org/content/334/6058/962},
  bdsk-url-2	= {https://doi.org/10.1126/science.1211649}
}

@Article{	  shulze1887,
  author	= {Shulze, FE},
  journal	= {HMS Challenger Sci Results Zool},
  pages		= {1--513},
  title		= {Report on the Hexactinellida collected by HMS" Challenger"
		  during the years 1873--1876},
  volume	= {21},
  year		= {1887}
}

@Book{		  waddell1916,
  author	= {Waddell, John Alexander Low},
  pages		= {19-21},
  publisher	= {J. Wiley},
  title		= {Bridge engineering},
  volume	= {1},
  year		= {1916}
}

@Article{	  weaver2007,
  author	= {Weaver, James C and Aizenberg, Joanna and Fantner, Georg E
		  and Kisailus, David and Woesz, Alexander and Allen, Peter
		  and Fields, Kirk and Porter, Michael J and Zok, Frank W and
		  Hansma, Paul K and others},
  journal	= {Journal of structural biology},
  number	= {1},
  pages		= {93--106},
  publisher	= {Elsevier},
  title		= {Hierarchical assembly of the siliceous skeletal lattice of
		  the hexactinellid sponge Euplectella aspergillum},
  volume	= {158},
  year		= {2007}
}

@Article{	  weaver2010,
  author	= {Weaver, James C and Milliron, Garrett W and Allen, Peter
		  and Miserez, Ali and Rawal, Aditya and Garay, Javier and
		  Thurner, Philipp J and Seto, Jong and Mayzel, Boaz and
		  Friesen, Larry Jon and others},
  journal	= {The Journal of Adhesion},
  number	= {1},
  pages		= {72--95},
  publisher	= {Taylor \& Francis},
  title		= {Unifying design strategies in demosponge and hexactinellid
		  skeletal systems},
  volume	= {86},
  year		= {2010}
}

@Article{	  zheng2014,
  author	= {Zheng, Xiaoyu and Lee, Howon and Weisgraber, Todd H. and
		  Shusteff, Maxim and DeOtte, Joshua and Duoss, Eric B. and
		  Kuntz, Joshua D. and Biener, Monika M. and Ge, Qi and
		  Jackson, Julie A. and Kucheyev, Sergei O. and Fang,
		  Nicholas X. and Spadaccini, Christopher M.},
  doi		= {10.1126/science.1252291},
  eprint	= {http://science.sciencemag.org/content/344/6190/1373.full.pdf},
  issn		= {0036-8075},
  journal	= {Science},
  number	= {6190},
  pages		= {1373--1377},
  publisher	= {American Association for the Advancement of Science},
  title		= {Ultralight, ultrastiff mechanical metamaterials},
  url		= {http://science.sciencemag.org/content/344/6190/1373},
  volume	= {344},
  year		= {2014},
  bdsk-url-1	= {http://science.sciencemag.org/content/344/6190/1373},
  bdsk-url-2	= {https://doi.org/10.1126/science.1252291}
}

@article{dunlop2013,
	title={Multilevel architectures in natural materials},
	author={Dunlop, John WC and Fratzl, Peter},
	journal={Scripta Materialia},
	volume={68},
	number={1},
	pages={8--12},
	year={2013},
	publisher={Elsevier}
}